3069 3385
871 480 984 523 lxviii
1490 488 1709 521 pannon.

871 587 940 623 and
969 587 1059 623 from
1089 586 1181 621 what
1213 586 1307 628 timo,
1337 598 1386 621 we
1415 585 1497 621 read
1521 597 1560 621 as
1588 585 1745 621 follows:
1772 590 1793 607 ‘⁶
1813 584 1946 620 Dicunt
1980 583 2074 630 quod
2104 582 2273 618 Priorissa
2298 581 2341 617 de

872 706 908 741 vi
919 706 1060 752 virgatis
1077 710 1166 740 terre
1183 710 1218 740 et
1230 704 1370 740 dimidia
1382 705 1418 740 in
1435 704 1648 740 Newenham
1665 704 1702 740 in
1719 715 1841 751 puram
1857 708 1893 739 et
1909 707 2106 750 perpetuam
2122 700 2342 736 elemosinam

873 776 951 800 cum
969 764 1118 811 quodam
1133 764 1267 800 redditu
1284 776 1398 800 annuo
1415 764 1496 799 xxiii
1514 763 1700 800 solidorum
1717 769 1752 799 et
1768 764 1803 799 vi
1822 762 2049 798 denariorum.
2100 761 2212 797 Terra
2228 765 2342 807 preter

872 824 1044 860 redditum
1074 824 1165 859 valet
1190 824 1226 859 xl
1252 824 1392 860 solidos.
1442 824 1532 859 Item
1561 824 1657 871 prior
1682 823 1725 859 de
1751 824 1995 870 Bissupesgate
2019 821 2139 857 habuit
2165 821 2199 856 in
2225 820 2343 856 eadem

872 882 955 918 villa
971 886 1107 917 centum
1125 880 1287 916 solidatas
1304 886 1393 916 terre
1409 886 1444 916 et
1456 880 1608 916 redditus
1626 880 1669 916 de
1682 880 1771 916 dono
1791 880 1935 916 Roberti
1952 881 2106 928 Aguilun
2121 882 2194 929 jam
2210 892 2233 916 x
2244 879 2343 918 annis

874 940 1000 988 elapsis
1018 941 1073 976 vel
1091 940 1249 989 amplius,
1265 947 1300 976 et
1316 940 1479 976 deffendit
1494 953 1559 988 pro
1577 940 1719 976 dimidio
1736 940 1836 976 feodo
1852 940 2005 977 militis.'’

923 1000 1003 1036 The
1014 1000 1150 1036 chartei·
1162 1000 1203 1037 of
1213 1000 1394 1048 Margaret
1411 1000 1453 1036 de
1472 1000 1617 1036 Reviers
1634 1001 1672 1036 in
1687 1000 1811 1036 favour
1827 1000 1868 1036 of
1881 1000 1940 1036 the
1957 1012 2113 1049 nunnery
2128 1000 2168 1036 of
2178 999 2342 1037 Clerken·

874 1059 962 1101 well,
979 1071 1017 1094 as
1034 1059 1090 1095 far
1102 1071 1140 1095 as
1155 1060 1297 1107 regards
1314 1059 1373 1095 the
1390 1065 1468 1095 rent
1483 1059 1576 1096 from
1592 1059 1651 1095 the
1661 1072 1785 1096 manor
1803 1060 1843 1095 of
1854 1059 2075 1102 Newenham,
2094 1060 2123 1095 is
2140 1059 2258 1107 copied
2271 1059 2344 1094 into

873 1118 932 1153 the
948 1118 1109 1165 Register
1127 1119 1166 1154 of
1185 1118 1262 1154 that
1280 1119 1414 1160 House,
1431 1118 1612 1154 contained
1638 1120 1674 1154 in
1686 1119 1745 1154 the
1765 1119 1893 1156 Cotton
1913 1119 1997 1156 MS.
2016 1120 2196 1162 Faustina,
2215 1119 2257 1154 Β.
2276 1129 2343 1162 xx„

876 1177 945 1213 and
964 1178 1126 1225 Dugdale
1139 1178 1202 1214 has
1219 1178 1369 1214 inserted
1384 1191 1406 1214 a
1423 1178 1520 1214 short
1535 1178 1770 1214 abbreviation
1787 1179 1828 1214 of
1841 1179 1885 1214 its
1900 1184 2056 1214 contenta
2072 1179 2107 1214 in
2125 1177 2184 1214 the
2203 1178 2347 1213 Menas-

874 1237 979 1279 ticon,
997 1250 1036 1273 so
1052 1237 1231 1273 mutilaoed
1247 1249 1285 1273 as
1301 1243 1338 1273 to
1353 1237 1456 1274 make
1471 1238 1501 1274 it
1523 1237 1781 1285 unintelligible,
1805 1238 1832 1272 it
1855 1238 1959 1285 being
1974 1237 2162 1285 applicable
2179 1243 2215 1272 to
2232 1249 2254 1272 a
2271 1243 2348 1273 rent

874 1296 967 1331 from
1000 1303 1068 1332 two
1100 1309 1238 1332 mauors
1267 1298 1303 1332 in
1339 1296 1590 1340 Oxfordshire;
1626 1297 1774 1346 namely‚
1814 1296 2005 1334 Nevmham
2041 1297 2249 1343 Courtenay,
2279 1296 2348 1332 and

875 1355 1042 1403 Heyford
1071 1356 1225 1398 Warine,
1259 1355 1373 1391 which
1397 1356 1465 1391 last
1494 1367 1614 1392 manm-
1638 1355 1708 1391 had
1736 1356 1823 1391 been
1852 1355 1934 1391 held
1958 1356 2004 1404 by
2040 1355 2098 1392 Sir
2128 1355 2282 1390 Thomas
2307 1355 2349 1389 de

876 1414 1039 1456 Breaut6,
1070 1414 1211 1449 brother
1240 1414 1282 1450 of
1319 1413 1378 1449 the
1412 1414 1583 1450 aforesaid
1626 1414 1811 1457 Falcasius,
1845 1414 1914 1451 and
1947 1414 2016 1450 had
2049 1414 2109 1450 the
2137 1414 2278 1461 adjunct
2312 1415 2353 1449 of

876 1475 1019 1510 warino
1044 1474 1135 1510 from
1172 1474 1217 1510 its
1242 1474 1372 1522 having
1396 1475 1483 1510 been
1509 1474 1550 1510 of
1575 1474 1636 1510 the
1661 1474 1872 1511 inheritanee
1897 1475 1939 1510 of
1964 1474 2026 1510 her
2050 1473 2175 1517 father,
2205 1473 2348 1510 Warine

877 1534 955 1570 Fitz
974 1534 1118 1570 Gerold.

926 1598 948 1616 “
963 1593 1135 1629 Omnibus
1162 1594 1296 1630 Christi
1322 1593 1479 1630 fidelibus
1504 1593 1549 1630 ad
1573 1605 1660 1642 quos
1686 1605 1826 1641 presens
1845 1593 2009 1641 scriptum
2026 1593 2229 1641 pervenerit,
2248 1593 2347 1629 Mar-

876 1659 997 1701 gareta
1022 1653 1064 1688 de
1082 1653 1270 1690 Redeveris
1295 1654 1441 1690 salutem
1456 1654 1493 1690 in
1516 1653 1670 1691 Domino
1686 1660 1850 1690 eternam.
1902 1654 2076 1691 Noveritis
2092 1666 2148 1690 me
2165 1653 2297 1690 dedisse
2315 1659 2350 1690 et

878 1714 1089 1748 concessisse
1106 1718 1141 1748 et
1158 1714 1224 1749 hac
1247 1719 1342 1750 carta
1366 1726 1443 1750 mea
1467 1714 1690 1750 confirmasse
1710 1714 1745 1750 in
1762 1714 1845 1762 ligia
1861 1719 2027 1762 potestate
2042 1719 2077 1750 et
2092 1713 2257 1750 viduitate
2274 1726 2350 1750 mea

879 1783 941 1817 pro
960 1772 1068 1806 salute
1084 1772 1196 1807 anime
1218 1784 1293 1807 mee
1317 1778 1353 1807 et
1377 1773 1485 1819 patris
1502 1773 1569 1808 mei
1586 1778 1620 1808 et
1636 1773 1755 1808 matris
1771 1785 1846 1808 mee
1862 1778 1898 1808 et
1915 1773 2102 1809 Baldewini
2121 1772 2182 1808 filii
2198 1773 2264 1809 mei
2281 1773 2351 1820 pri-

877 1830 1041 1876 mogeniti
1059 1835 1093 1865 et
1111 1830 1256 1866 aliorum
1272 1843 1455 1877 puerorum
1471 1843 1625 1868 meorum
1644 1831 1722 1868 Deo
1733 1838 1769 1867 et
1784 1832 1883 1868 beate
1901 1832 2016 1869 Mai-ie
2032 1832 2073 1868 de
2088 1832 2351 1869 Clerkenewelle

877 1895 914 1924 et
929 1889 1134 1924 monialibus
1150 1889 1277 1924 ibidem
1295 1890 1373 1925 Deo
1391 1891 1616 1926 servientibus
1643 1891 1678 1926 in
1706 1903 1828 1937 puram
1855 1897 1890 1928 et
1917 1898 2115 1940 perpetuam
2132 1892 2351 1929 elemosinam

879 1949 1131 1995 quinquaginta
1147 1949 1310 1985 solidatas
1327 1950 1432 1996 quieti
1451 1949 1602 1985 redditus
1619 1950 1655 1985 in
1672 1950 1836 1986 auxilium
1852 1952 1897 1987 ad
1914 1952 2128 1988 vestiendum
2144 1958 2350 1989 conventum

879 2008 1034 2054 ejusdem
1061 2007 1139 2050 loci,
1166 2008 1256 2044 unde
1282 2007 1408 2044 eisdem
1436 2014 1553 2044 tenear
1582 2008 1624 2044 de
1650 2014 1854 2046 testamento
1873 2010 1986 2047 Alicie
2004 2012 2045 2047 de
2064 2012 2207 2055 Churci,
2233 2013 2352 2049 matris

880 2079 968 2110 mee,
995 2067 1172 2102 annuatim
1198 2068 1442 2115 percipiendas,
1471 2068 1637 2110 videlicet,
1666 2069 1701 2104 in
1731 2070 1880 2106 manerio
1897 2070 1940 2107 de
1958 2071 2168 2108 Newenham
2187 2084 2252 2109 xxv
2272 2072 2352 2108 soli-

883 2127 992 2169 datas,
1010 2127 1148 2170 scilicet,
1167 2127 1223 2163 De
1240 2127 1400 2164 Johanne
1413 2128 1526 2176 Algar
1542 2134 1577 2164 et
1593 2128 1774 2164 heredibus
1792 2130 1863 2165 suis
1879 2129 1975 2166 xiidm
1994 2131 2120 2167 solidos
2136 2144 2197 2179 per
2213 2144 2353 2169 annum.

883 2186 943 2222 De
959 2186 1118 2222 Johanne
1137 2187 1283 2224 Passore
1300 2188 1335 2223 iii
1346 2201 1375 2224 s.
1425 2188 1482 2224 De
1500 2188 1655 2224 waltero
1676 2189 1831 2236 Golding
1848 2190 1924 2227 iiis.
1976 2191 2032 2227 De
2050 2191 2216 2227 Muriella
2234 2193 2352 2228 relicta

887 2245 993 2289 Fabri
1022 2246 1057 2282 iii
1069 2260 1098 2283 s.
1149 2246 1206 2282 De
1243 2246 1360 2283 Sailda
1393 2247 1434 2282 de
1461 2247 1576 2296 Wyke
1605 2253 1640 2283 et
1669 2248 1834 2286 Muriella
1851 2250 1873 2285 ii
1886 2264 1916 2287 s.
1967 2250 2023 2286 De
2051 2250 2202 2287 Matilda
2234 2252 2352 2288 relicta

882 2305 1047 2353 Gregorii
1064 2306 1111 2343 xii
1129 2305 1295 2342 denarios.
1347 2307 1404 2343 De
1434 2306 1585 2343 Ricardo
1616 2308 1739 2356 Crispo
1767 2309 1858 2345 xiid.
1910 2309 1956 2346 Et
1983 2310 2018 2346 in
2047 2312 2198 2347 manerio
2214 2324 2291 2348 meo
2311 2312 2352 2348 de

885 2365 1049 2414 Heyford
1065 2378 1133 2402 xxv
1147 2366 1310 2402 solidatas
1328 2366 1436 2412 quieti
1464 2365 1628 2409 redditus,
1645 2367 1784 2408 scilicet,
1803 2369 1860 2404 De
1879 2368 2020 2415 Regem
2038 2371 2206 2408 serviente
2223 2371 2305 2408 xviii
2318 2372 2353 2408 d.

882 2425 943 2461 De
961 2426 1136 2463 willelmo
1153 2426 1224 2462 filio
1243 2425 1383 2462 Radulfi
1400 2425 1483 2462 xviii
1496 2426 1531 2462 d.
1592 2426 1648 2462 De
1673 2427 1807 2463 Thoma
1835 2428 1877 2463 de
1905 2428 2090 2465 Cherleton
2118 2431 2199 2467 xviii
2214 2431 2249 2466 d.
2299 2431 2353 2468 De

889 2483 1066 2522 Willelmo
1083 2486 1124 2522 de
1144 2486 1331 2522 Rolesham
1348 2485 1429 2522 xviii
1443 2485 1479 2520 d.
1529 2485 1586 2521 De
1601 2484 1761 2522 Johanne
1780 2486 1967 2534 Capellauo
1985 2489 2065 2524 xviii
2077 2489 2112 2525 d.
2163 2491 2221 2526 De
2238 2490 2353 2526 Here·

887 2541 986 2578 berto
1005 2546 1084 2580 xviii
1098 2546 1133 2581 d.
1184 2546 1240 2582 De
1267 2546 1426 2583 Johanne
1453 2557 1597 2594 persona
1625 2546 1705 2581 xviii
1720 2546 1755 2581 cl.
1806 2546 1863 2582 De
1882 2547 2058 2584 Willelmo
2086 2549 2156 2586 filio
2185 2549 2352 2586 norberti

887 2601 970 2637 xviii
983 2602 1018 2637 d.
1061 2603 1118 2638 De
1136 2605 1274 2651 Agneta
1300 2606 1404 2643 vidua
1433 2606 1516 2642 xviii
1529 2606 1565 2641 d.
1616 2606 1672 2641 De
1691 2606 1806 2642 Alano
1835 2606 1905 2642 filio
1935 2608 2087 2645 Galfridi
2115 2609 2197 2644 xviii
2209 2609 2245 2644 d.
2297 2610 2353 2645 De

888 2659 1030 2710 Rogero
1056 2661 1230 2713 Chipping
1258 2665 1339 2703 xviii
1352 2666 1387 2704 d.
1437 2666 1495 2706 De
1524 2665 1606 2704 Ada
1635 2665 1809 2705 Piscatore
1839 2667 1922 2705 xviii
1932 2667 1968 2706 d.
2024 2669 2082 2706 De
2108 2668 2285 2707 Willelmo
2312 2669 2355 2707 de
